@book{Afifi&2004,
   author    = {Afifi, A. and Clark V.A. and May. S.},
   title     = {Computer-aided multivariate analysis},
   year      = 2004,
   publisher = {Chapman & Hall},
   edition = {4.}
}

@techreport{Bates&2000,
   author    = {Bates, S. C. and Raftery, A. E. and Cullen, A. C.},
   title     = {Bayesian uncertainty assessment in deterministic models
       for environmental risk assessment},
   institution = {National Center for Research in Statistics and the
       Environment, University of Washington},
   year      = 2000,
   number    = {58},
   type      = {Technical Report}
}


@article{Bates&2003,
   author    = {Bates, S. C. and Cullen, A. C. and Raftery, A. E.},
   title     = {Bayesian uncertainty assessment in multicompartment deterministic
       simulation models for environmental risk assessment},
   journal   = {Environmetrics},
   pages     = {355--371},
   year      = 2003,
   volume    = 44
}


@incollection{Beven&2000,
   author    = {Beven, K. J. and Freer, J. and Hankin, B. and Schulz, K.},
   editor    = {W. J. Fitzgerald et al.},
   title     = {The use of generalized likelihood measures for 
       uncertainty estimation in high order models of environmental systems},
   booktitle = {Nonlinear and Nonstationary Signal Processing},
   pages     = {115--151},
   year      = 2000,
   publisher = {Cambridge University Press},
   address   = {Cambridge, U. K.}
}


@article{BevenBinley1992,
   author    = {Beven, K. and Binley, A.},
   title     = {The future of distributed models: {M}odel calibration
       and uncertainty prediction},
   journal   = {Hydrological Processes},
   pages     = {279--298},
   year      = 1992,
   volume    = 6
}


@incollection{Craig&1996,
   author    = {Craig, P. S. and Goldstein, M. and Seheult, A. H. and
       Smith, J. A.},
   editor    = {J. M. Bernardo et al.},
   title     = {Bayes linear strategies for history matching of 
       hydrocarbon reservoirs (with discussion)},
   booktitle = {Bayesian Statistics 5},
   pages     = {69--95},
   year      = 1996,
   publisher = {Clarendon Press},
   address   = {Oxford, U. K.}
}


@article{Craig&2001,
   author    = {Craig, P. S. and Goldstein, M. and Rougier, J. C. 
       and Seheult, A. H.},
   title     = {Bayesian forecasting for complex systems using 
       computer simulations},
   journal   = {Journal of the American Statistical Association},
   pages     = {717--729},
   year      = 2001,
   volume    = 96
}


@book{CullenFrey1999,
   author    = {Cullen, A. C. and Frey, H.},
   title     = {Probabilistic Techniques in Exposure Assessment: {A} Handbook
       for Addressing Variability and Uncertainty in Models and Inputs},
   year      = 1999,
   publisher = {Plenum Press},
   address   = {New York}
}


@article{Currin&1991,
   author    = {Currin, C. and Mitchell, T. J. and Morris, M. and Ylvisaker, D.},
   title     = {Bayesian prediction of deterministic functions, with applications to
       the design and analysis of computer experiments},
   journal   = {Journal of the American Statistical Association},
   pages     = {953--963},
   year      = 1991,
   volume    = 86
}


@article{Flyvbjerg-2005,
   author    = {Bent Flyvbjerg and Mette K. Skamris Holm and Søren L. Buhl},
   title     = {How (In)accurate Are Demand Forecasts in Public Works Projects? The Case of Transportation},
   journal   = {Journal of the American Planning Association},
   pages     = {131--146},
   year      = 2005,
   volume    = 71,
   number    = 2
}


@article{FuentesRaftery2005,
   author    = {Fuentes, M. and Raftery, A. E.},
   title     = {Model evaluation and spatial interpolation by {B}ayesian 
       combination of observations with outputs from numerical models},
   journal   = {Biometrics},
   pages     = {36--45},
   year      = 2005,
   volume    = 61
}


@article{GivensRaftery1996,
   author    = {Givens, G. H. and Raftery, A. E.},
   title     = {Local adaptive importance sampling for multivariate 
       densities with strong nonlinear relationships},
   journal   = {Journal of the American Statistical Association},
   pages     = {132--141},
   year      = 1996,
   volume    = 91
}


@article{GoldsteinRougier2004,
   author    = {Goldstein, M. and Rougier, J.},
   title     = {Probabilistic formulations for transferring inferences
       from mathematical models to physical systems},
   journal   = {SIAM Journal on Scientific Computing},
   pages     = {467--487},
   year      = 2004,
   volume    = 26
}


@article{Green&1999,
   author    = {Green, E. J. and MacFarlane, D. W. and Valentine, H. T. 
       and Strawderman, W. E.},
   title     = {Assessing uncertainty in a stand growth model by {B}ayesian
       synthesis},
   journal   = {Forest Science},
   pages     = {528--538},
   year      = 1999,
   volume    = 45
}


@article{Green&2000,
   author    = {Green, E. J. and MacFarlane, D. W. and Valentine, H. T.},
   title     = {Bayesian synthesis for quantifying uncertainty in predictions
       from process models},
   journal   = {Tree Physiology},
   pages     = {415--419},
   year      = 2000,
   volume    = 20
}


@article{Hesterberg1995,
   author    = {Hesterberg, T.},
   title     = {Tail-specific linear approximations for efficient bootstrap simulations},
   journal   = {Journal of Computational and Graphical Statistics},
   pages     = {113--133},
   year      = 1995,
   volume    = 4
}


@article{Higdon&2004,
   author    = {Higdon, D. and Kennedy, M. and Cavendish, J. C. and 
       Cafeo, J. A. and Ryne, R. D.},
   title     = {Combining field data and computer simulations for
       calibration and prediction},
   journal   = {SIAM Journal of Scientific Computing},
   pages     = {448--466},
   year      = 2004,
   volume    = 26
}


@article{Hong&2005,
   author    = {Hong, B. and Strawderman, R. L. and Swaney, D. P. and
       Weinstein, D. A.},
   title     = {Bayesian estimation of input parameters of a nitrogen
       cycle model applied to a forested reference watershed,
       {H}ubbard {B}rook {W}atershed {S}ix},
   journal   = {Water Resources Research},
   pages     = {W03007},
   year      = 2005,
   volume    = 41
}


@article{KennedyOHagan2001,
   author    = {Kennedy, M. C. and O'Hagan, A.},
   title     = {Bayesian calibration of computer models (with discussion)},
   journal   = {Journal of the Royal Statistical Society, Series B},
   pages     = {425--464},
   year      = 2001,
   volume    = 63
}


@article{Levy&1998,
   author    = {Levy, J. and Clayton, M. K. and Chesters, G.},
   title     = {Using an approximation of the three-point {G}auss-{H}ermite
       quadrature formula for model prediction and quantification of
       uncertainty},
   journal   = {Hydrogeology Journal},
   pages     = {457--468},
   year      = 1998,
   volume    = 6
}


@article{LevyLudy2000,
   author    = {Levy, J. and Ludy, E. E.},
   title     = {Uncertainty quantification for delineation of wellhead
       protection areas using the {G}auss-{H}ermite quadrature approach},
   journal   = {Ground Water},
   pages     = {63--75},
   year      = 2000,
   volume    = 38
}


@article{MacFarlane&2000,
   author    = {MacFarlane, D. W. and Green, E. J. and Valentine, H. T.},
   title     = {Incorporating uncertainty into the parameters of a 
       forest process model},
   journal   = {Ecological Modelling},
   pages     = {27--40},
   year      = 2000,
   volume    = 134
}


@article{McKay&1979,
   author    = {McKay, M. D. and Beckman, R. J. and Conover, W. J.},
   title     = {A comparison of three methods for selecting values of input variables in the analysis
       of output from a computer code},
   journal   = {Technometrics},
   pages     = {239--245},
   year      = 1979,
   volume    = 21
}


@article{PooleRaftery2000,
   author    = {Poole, D. and Raftery, A. E.},
   title     = {Inference for deterministic simulation models:
       {T}he {B}ayesian melding approach},
   journal   = {Journal of the American Statistical Association},
   pages     = {1244--1255},
   year      = 2000,
   volume    = 95
}


@techreport{RGZ1992,
   author    = {Raftery, A. E. and Givens, G. H. and Zeh, J. E.},
   title     = {Inference from a Deterministic Population Dynamics Model 
       about Bowhead Whale, {\em {B}alaena {M}ysticetus}, Replacement Yield},
   institution = {Department of Statistics, University of Washington},
   year      = 1992,
   number    = {232},
   type      = {Technical Report}
}


@article{RGZ1995,
   author    = {Raftery, A. E. and Givens, G. H. and Zeh, J. E.},
   title     = {Inference from a deterministic population dynamics model
       for bowhead whales (with discussion)},
   journal   = {Journal of the American Statistical Association},
   pages     = {402--416},
   year      = 1995,
   volume    = 90
}


@article{Radtke&2001,
   author    = {Radtke, P. J. and Burk, T. E. and Bolstad, P. V.},
   title     = {Estimates of the distributions of forest ecosystem
       model inputs for deciduous forests of eastern {N}orth {A}merica},
   journal   = {Tree Physiology},
   pages     = {505--512},
   year      = 2001,
   volume    = 21
}


@article{Radtke&2002,
   author    = {Radtke, P. J. and Burk, T. E. and Bolstad, P. V.},
   title     = {Bayesian melding of a forest ecosystem model with 
       correlated inputs},
   journal   = {Forest Science},
   pages     = {701--711},
   year      = 2002,
   volume    = 48
}


@article{Raftery&2005,
   author    = {Raftery, A. E. and Gneiting, T. and Balabdaoui, F. and
       Polakowski, M.},
   title     = {Using {B}ayesian model averaging to calibrate forecast ensembles},
   journal   = {Monthly Weather Review},
   pages     = {to appear},
   year      = 2005,
   volume    = 133
}


@incollection{RafteryZeh1993,
   author    = {Raftery, A. E. and Zeh, J. E.},
   editor    = {C. Gatsonis et al.},
   title     = {Estimation of bowhead whale, {\it {B}alaena mysticetus},
       population size (with discussion)},
   booktitle = {Case Studies in Bayesian Statistics},
   pages     = {163--240},
   year      = 1993,
   publisher = {Springer-Verlag},
   number    = 83,
   series    = {Lecture Notes in Statistics}
}


@article{Reese&2004,
   author    = {Reese, C. S. and Wilson, A. G. and Hamada, M. and
       Martz, H. F. and Ryan, K. J.},
   title     = {Integrated analysis of computer and physical experiments},
   journal   = {Technometrics},
   pages     = {153--164},
   year      = 2004,
   volume    = 46
}


@article{Rubin1987,
   author    = {Rubin, D. B.},
   title     = {Comment},
   journal   = {Journal of the American Statistical Association},
   pages     = {543--546},
   year      = 1987,
   volume    = 82
}


@article{Sacks&1989,
   author    = {Sacks, J. and Welch, W. J. and Mitchell, T. J. and Wynn, H. P.},
   title     = {Design and analysis of computer experiments (with discussion)},
   journal   = {Statistical Science},
   pages     = {409--435},
   year      = 1989,
   volume    = 4
}


@article{Spear&2002,
   author    = {Spear, R. C. and Hubbard, A. and Liang, S. and Seto, E.},
   title     = {Disease transmission models for public health decision making:
       {T}owards an approach for designing intervention strategies for 
       {S}chistosomiasis japonica},
   journal   = {Environmental Health Perspectives},
   pages     = {907--915},
   year      = 2002,
   volume    = 110
}


@article{Taylor1995,
   author    = {Taylor, B. L.},
   title     = {The reliability of using population viability analysis
       for risk classification of species},
   journal   = {Conservation Biology},
   pages     = {551--558},
   year      = 1995,
   volume    = 9
}

@book{CullenFrey1999,
author = "Cullen, A. C. and Frey, H.",
year = 1999,
title = "Probabilistic Techniques in Exposure Assessment: {A} Handbook
for Addressing Variability and Uncertainty in Models and Inputs",
publisher = "Plenum Press",
address = "New York"
}

@techreport {RGZ1992,
author = "Raftery, A. E. and Givens, G. H. and Zeh, J. E.",
year =  1992,
title = "Inference from a Deterministic Population Dynamics Model 
about Bowhead Whale, {\em {B}alaena {M}ysticetus}, Replacement Yield",
type = "Technical Report",
number = "232",
institution = "Department of Statistics, University of Washington"
}

@article{RGZ1995,
author = "Raftery, A. E. and Givens, G. H. and Zeh, J. E.",
year = 1995,
title = "Inference from a deterministic population dynamics model
for bowhead whales (with discussion)",
journal = "Journal of the American Statistical Association",
volume = 90,
pages = "402--416"
}

@article{PooleRaftery2000,
author = "Poole, D. and Raftery, A. E.",
year = 2000,
title = "Inference for deterministic simulation models:
{T}he {B}ayesian melding approach",
journal = "Journal of the American Statistical Association",
volume = 95,
pages = "1244--1255"
}

@techreport{Bates&2000,
author = "Bates, S. C. and Raftery, A. E. and Cullen, A. C.",
year = 2000,
title = "Bayesian uncertainty assessment in deterministic models
for environmental risk assessment",
type = "Technical Report",
number = "58",
institution = "National Center for Research in Statistics and the
Environment, University of Washington"
}

@article{Bates&2003,
author = "Bates, S. C. and Cullen, A. C. and Raftery, A. E.",
year = 2003,
title = "Bayesian uncertainty assessment in multicompartment deterministic
simulation models for environmental risk assessment",
journal = "Environmetrics",
volume = 44,
pages = "355--371"
}

@article{FuentesRaftery2005,
author = "Fuentes, M. and Raftery, A. E.",
year = 2005,
title = "Model evaluation and spatial interpolation by {B}ayesian 
combination of observations with outputs from numerical models",
journal = "Biometrics",
volume = 61,
pages = "36--45"
}

@article{Taylor1995,
author = "Taylor, B. L.",
year = 1995,
title = "The reliability of using population viability analysis
for risk classification of species",
journal = "Conservation Biology",
volume = 9,
pages = "551--558"
}

@article{Green&1999,
author = "Green, E. J. and MacFarlane, D. W. and Valentine, H. T. 
and Strawderman, W. E.",
year = 1999,
title = "Assessing uncertainty in a stand growth model by {B}ayesian
synthesis",
journal = "Forest Science",
volume = 45,
pages = "528--538"
}

@article{Green&2000,
author = "Green, E. J. and MacFarlane, D. W. and Valentine, H. T.",
year = 2000,
title = "Bayesian synthesis for quantifying uncertainty in predictions
from process models",
journal = "Tree Physiology",
volume = 20,
pages = "415--419"
}

@article{MacFarlane&2000,
author = "MacFarlane, D. W. and Green, E. J. and Valentine, H. T.",
year = 2000,
title = "Incorporating uncertainty into the parameters of a 
forest process model",
journal = "Ecological Modelling",
volume = 134,
pages = "27--40"
}

@article{Radtke&2001,
author = "Radtke, P. J. and Burk, T. E. and Bolstad, P. V.",
year = 2001,
title = "Estimates of the distributions of forest ecosystem
model inputs for deciduous forests of eastern {N}orth {A}merica",
journal = "Tree Physiology",
volume = 21,
pages = "505--512"
}

@article{Radtke&2002,
author = "Radtke, P. J. and Burk, T. E. and Bolstad, P. V.",
year = 2002,
title = "Bayesian melding of a forest ecosystem model with 
correlated inputs",
journal = "Forest Science",
volume = 48,
pages = "701--711"
}

@article{Spear&2002,
author = "Spear, R. C. and Hubbard, A. and Liang, S. and Seto, E.",
year = 2002,
title = "Disease transmission models for public health decision making:
{T}owards an approach for designing intervention strategies for 
{S}chistosomiasis japonica",
journal = "Environmental Health Perspectives",
volume = 110,
pages = "907--915"
}

@article{Hong&2005,
author = "Hong, B. and Strawderman, R. L. and Swaney, D. P. and
Weinstein, D. A.",
year = 2005,
title = "Bayesian estimation of input parameters of a nitrogen
cycle model applied to a forested reference watershed,
{H}ubbard {B}rook {W}atershed {S}ix",
journal = "Water Resources Research",
volume = 41,
pages = "W03007"
}

@article{GivensRaftery1996,
author = "Givens, G. H. and Raftery, A. E.",
year = 1996,
title = "Local adaptive importance sampling for multivariate 
densities with strong nonlinear relationships",
journal = "Journal of the American Statistical Association",
volume = 91,
pages = "132--141"
}

@incollection{RafteryZeh1993,
author = "Raftery, A. E. and Zeh, J. E.",
year = 1993,
title = "Estimation of bowhead whale, {\it {B}alaena mysticetus},
population size (with discussion)",
booktitle = "Case Studies in Bayesian Statistics",
publisher = "Springer-Verlag",
editor = "C. Gatsonis et al.",
series = "Lecture Notes in Statistics",
number = 83,
pages = "163--240"
}

@article{Levy&1998,
author = "Levy, J. and Clayton, M. K. and Chesters, G.",
year = 1998,
title = "Using an approximation of the three-point {G}auss-{H}ermite
quadrature formula for model prediction and quantification of
uncertainty",
journal = "Hydrogeology Journal",
volume = 6,
pages = "457--468"
}

@article{LevyLudy2000,
author = "Levy, J. and Ludy, E. E.",
year = 2000,
title = "Uncertainty quantification for delineation of wellhead
protection areas using the {G}auss-{H}ermite quadrature approach",
journal = "Ground Water",
volume = 38,
pages = "63--75"
}

@article{Raftery&2005,
author = "Raftery, A. E. and Gneiting, T. and Balabdaoui, F. and
Polakowski, M.",
year = 2005,
title = "Using {B}ayesian model averaging to calibrate forecast ensembles",
journal = "Monthly Weather Review",
volume = 133,
pages = "to appear"
}

@article{BevenBinley1992,
author = "Beven, K. and Binley, A.",
year = 1992,
title = "The future of distributed models: {M}odel calibration
and uncertainty prediction",
journal = "Hydrological Processes",
volume = 6,
pages = "279--298"
}

@incollection{Beven&2000,
author = "Beven, K. J. and Freer, J. and Hankin, B. and Schulz, K.",
year = 2000,
title = "The use of generalized likelihood measures for 
uncertainty estimation in high order models of environmental systems",
booktitle = "Nonlinear and Nonstationary Signal Processing",
editor = "W. J. Fitzgerald et al.",
pages = "115--151",
publisher = "Cambridge University Press",
address = "Cambridge, U. K."
}

@article{KennedyOHagan2001,
title = "Bayesian calibration of computer models (with discussion)",
year = 2001,
author = "Kennedy, M. C. and O'Hagan, A.",
journal = "Journal of the Royal Statistical Society, Series B",
volume = 63,
pages = "425--464"
}

@article{Higdon&2004,
author = "Higdon, D. and Kennedy, M. and Cavendish, J. C. and 
Cafeo, J. A. and Ryne, R. D.",
year = 2004,
title = "Combining field data and computer simulations for
calibration and prediction",
journal = "SIAM Journal of Scientific Computing",
volume = 26,
pages = "448--466"
}

@article{Reese&2004,
author = "Reese, C. S. and Wilson, A. G. and Hamada, M. and
Martz, H. F. and Ryan, K. J.",
year = 2004,
title = "Integrated analysis of computer and physical experiments",
journal = "Technometrics",
volume = 46,
pages = "153--164"
}

@incollection{Craig&1996,
author = "Craig, P. S. and Goldstein, M. and Seheult, A. H. and
Smith, J. A.",
year = 1996,
title = "Bayes linear strategies for history matching of 
hydrocarbon reservoirs (with discussion)",
booktitle = "Bayesian Statistics 5",
editor = "J. M. Bernardo et al.",
publisher = "Clarendon Press",
address = "Oxford, U. K.",
pages = "69--95"
}

@article{Craig&2001,
author = "Craig, P. S. and Goldstein, M. and Rougier, J. C. 
and Seheult, A. H.",
year = 2001,
title = "Bayesian forecasting for complex systems using 
computer simulations",
journal = "Journal of the American Statistical Association",
volume = 96,
pages = "717--729"
}

@article{GoldsteinRougier2004,
author = "Goldstein, M. and Rougier, J.",
year = 2004,
title = "Probabilistic formulations for transferring inferences
from mathematical models to physical systems",
journal = "SIAM Journal on Scientific Computing",
volume = 26,
pages = "467--487"
}

@article{Rubin1987,
author = "Rubin, D. B.",
year = 1987,
title = "Comment",
journal = "Journal of the American Statistical Association",
volume = 82,
pages = "543--546"
}

@article{Hesterberg1995,
author = "Hesterberg, T.",
year = 1995,
title = "Tail-specific linear approximations for efficient bootstrap simulations",
journal = "Journal of Computational and Graphical Statistics",
volume = 4,
pages = "113--133"
}

@article{McKay&1979,
author = "McKay, M. D. and Beckman, R. J. and Conover, W. J.",
year = 1979,
title = "A comparison of three methods for selecting values of input variables in the analysis
of output from a computer code",
journal = "Technometrics",
volume = 21,
pages = "239--245"
}

@article{Sacks&1989,
author = "Sacks, J. and Welch, W. J. and Mitchell, T. J. and Wynn, H. P.",
year = 1989,
title = "Design and analysis of computer experiments (with discussion)",
journal = "Statistical Science",
volume = 4,
pages = "409--435"
}

@article{Currin&1991,
author = "Currin, C. and Mitchell, T. J. and Morris, M. and Ylvisaker, D.",
year = 1991,
title = "Bayesian prediction of deterministic functions, with applications to
the design and analysis of computer experiments",
journal = "Journal of the American Statistical Association",
volume = 86,
pages = "953--963"
}
