% $Id: agile.bib,v 1.2 2006/01/28 02:39:22 borning Exp $
%
@InProceedings{abrahamson:2003,
  author = 	 {Pekka Abrahamsson and Juhani Warsta and Mikko T. Siponen and Jussi Ronkainen},
  title = 	 {New Directions on Agile Methods: A Comparative Analysis},
  OPTcrossref =  {},
  OPTkey = 	 {},
  OPTbooktitle = {},
  pages = 	 {244},
  year = 	 {2003},
  OPTeditor = 	 {},
  OPTvolume = 	 {},
  OPTnumber = 	 {},
  series = 	 {25th International Conference on Software Engineering (ICSE'03)},
  OPTaddress = 	 {},
  OPTmonth = 	 {},
  organization = {IEEE},
  OPTpublisher = {},
  note = 	 {http://doi.ieeecomputersociety.org/10.1109/ICSE.2003.1201204},
  OPTannote = 	 {}
}

@techreport{abrahamson:2002,
	address={Espoo},
	author={Abrahamsson, Pekka and Salo, Outi and Ronkainen, Jussi and Warsta, Juhani},
	institution={VTT Electronic},
	isbn={951-38-6009-4},
	issn={951-38-6010-8},
	number=478,
	pages=107,
	title={Agile Software Development Methods. Review and Analysis},
	year=2002,
}

@Book{beck:2000,
  author = 	 {Kent Beck},
  title = 	 {Extreme Programming Explained: Embrace Change},
  publisher = 	 {Addison-Wesley},
  year = 	 2000,
  address = 	 {Reading, Mass.}
}

@Book{beck:2003,
  author = 	 {Kent Beck},
  title = 	 {Test-Driven Development -- By Example},
  publisher = 	 {Addison-Wesley},
  year = 	 2003,
  address = 	 {Reading, Mass.}
}

@Book{cockburn:2001,
  author =	 {Alistair Cockburn},
  title = 	 {Agile Software Development},
  publisher = 	 {Pearson Education, Inc},
  year = 	 2001,
  series =       {The Agile Software Development Series},
  address =	 {Boston},
  OPTisbn =	 {0-201-69969-9}
}

@Book{highsmith:1999,
  author =	 {James A. {Highsmith III}},
  title = 	 {Adaptive Software Development -- A Collaborative Approach to Managing Complex Systems},
  publisher = 	 {Dorset House Publishing},
  year = 	 1999,
  address =	 {New York},
  isbn =	 {0-932633-40-4}
}


@Book{highsmith:2002,
  author =	 {Jim Highsmith},
  title = 	 {Agile Software Development Ecosystems},
  publisher = 	 {Addison-Wesley},
  year = 	 2002,
  series =	 {The Agile Software Development Series},
  address =	 {Boston}
}

