% hack to get around the weird formatting that this bibliography style does with A.J.'s name!

@inproceedings{brush-today-msgs-2003-alt,
   author = {Alice J. Brush and Alan Borning},
   title = {{`Today'} Messages: {Light\-weight} Group Awareness via Email},
   booktitle = {CHI 2003 Extended Abstracts},
   month = apr,
   year = 2003,
   publisher = {ACM Press},
   pages = {920-921}}

@inproceedings{brush-hicss-2005-alt,
   author = {Alice J. Brush and Alan Borning},
   title = {{`Today'} Messages: {Light\-weight} Support for Small Group
            Awareness via Email},
   booktitle = {Hawaii International Conference on System Sciences (HICSS 38)},
   month = jan,
   year = 2005}
