% $Id: issta.bib,v 1.1 2005/10/08 00:02:47 bleek Exp $


@proceedings{DBLP:conf/issta/2004,
  editor    = {George S. Avrunin and
               Gregg Rothermel},
  title     = {Proceedings of the ACM/SIGSOFT International Symposium on
               Software Testing and Analysis, ISSTA 2004, Boston, Massachusetts,
               USA, July 11-14, 2004},
  booktitle = {ISSTA},
  publisher = {ACM},
  year      = {2004},
  isbn      = {1-58113-820-2},
  bibsource = {DBLP, http://dblp.uni-trier.de}
}

