@Book{binder:1999,
  author = 	 {Robert Binder},
  title = 	 {Testing Object-Oriented Systems},
  publisher = 	 {Addison-Wesley},
  year = 	 {1999},
}

@Book{dustin:1999,
  author = 	 {Elfriede Dustin and Jeff Rashka and John Paul},
  title = 	 {Automated Software Testing},
  publisher = 	 {Addison-Wesley},
  year = 	 {1999}
}

@Book{mcgregor:2001,
  author = 	 {John D. McGregor and David A. Sykes},
  title = 	 {A Practical Guide to Testing Object-Oriented Software},
  publisher = 	 {Addison-Wesley},
  year = 	 {2001}
}

@Book{sommerville:2001,
  author =	 {Ian Sommerville},
  title = 	 {Software Engineering},
  publisher = 	 {Addison-Wesley},
  year = 	 2001,
  address =	 {Pearson Education Limited, England},
  edition =	 {Sixth},
  isbn =      {0-201-39815-x},
  annote =	 {www.pearsoneduc.com}
}

@Misc{beckgamma,
  OPTkey = 	 {},
  author = 	 {Kent Beck and Erich Gamma},
  title = 	 {Test Infected: Programmers Love Writing Tests},
  howpublished = {\url{http://junit.sourceforge.net/doc/testinfected/testing.htm}},
  OPTmonth = 	 {},
  OPTyear = 	 {},
  note = 	 {Last visited 19-jan-2006},
  OPTannote = 	 {}
}

@inproceedings{alur:1995,
 author = {Rajeev Alur and Costas Courcoubetis and Mihalis Yannakakis},
 title = {Distinguishing Tests for Nondeterministic and Probabilistic Machines},
 booktitle = {STOC '95: Proceedings of the Twenty-seventh Annual ACM Symposium
    on Theory of Computing},
 year = {1995},
 isbn = {0-89791-718-9},
 pages = {363--372},
 location = {Las Vegas, Nevada, United States},
 doi = {http://doi.acm.org/10.1145/225058.225161},
 publisher = {ACM Press},
 address = {New York, NY, USA}
 }
 
 @inproceedings{nachmanson:2004,
 author = {Lev Nachmanson and Margus Veanes and Wolfram Schulte 
          and Nikolai Tillmann and Wolfgang Grieskamp},
 title = {Optimal Strategies for Testing Nondeterministic Systems},
 booktitle = {ISSTA '04: Proceedings of the 2004 ACM SIGSOFT International
      Symposium on Software Testing and Analysis},
 year = {2004},
 isbn = {1-58113-820-2},
 pages = {55--64},
 location = {Boston, Massachusetts},
 doi = {http://doi.acm.org/10.1145/1007512.1007520},
 publisher = {ACM Press},
 address = {New York, NY, USA}
 }
 
 @inproceedings{kranzmuller:1998,
 author = {Dieter Kranzlmueller},
 title = {Testing Nondeterministic Message-passing Programs with {NOPE}},
 booktitle = {SPDT '98: Proceedings of the SIGMETRICS Symposium on 
             Parallel and Distributed Tools},
 year = {1998},
 isbn = {1-58113-001-5},
 pages = {152},
 location = {Welches, Oregon},
 doi = {http://doi.acm.org/10.1145/281035.281054},
 publisher = {ACM Press},
 address = {New York, NY, USA}
 }
 
 @inproceedings{leinwand:1980,
 author = {S. Leinwand and T. Lamdan},
 title = {Algebraic Analysis of Nondeterministic Behavior},
 booktitle = {DAC '80: Proceedings of the 17th Conference on Design Automation},
 year = {1980},
 isbn = {0-89791-020-6},
 pages = {483--493},
 location = {Minneapolis, Minnesota, United States},
 publisher = {ACM Press},
 address = {New York, NY, USA}
 }
 
@inproceedings{chen:1994,
 author = {Yih-Farn Chen and David S. Rosenblum and Kiem-Phong Vo},
 title = {TestTube: A System for Selective Regression Testing},
 booktitle = {ICSE '94: Proceedings of the 16th International Conference on Software Engineering},
 year = {1994},
 isbn = {0-8186-5855-X},
 pages = {211--220},
 location = {Sorrento, Italy},
 publisher = {IEEE Computer Society Press},
 address = {Los Alamitos, CA, USA}
 } 
 
 @Article{lee:1996,
  author = 	 {D. Lee and M. Yannakakis},
  title = 	 {Principles and Methods of Testing Finite State Machines--A Survey},
  journal = 	 {Proceedings of the IEEE},
  year = 	 {1996},
  volume = 	 {84},
  number = 	 {8},
  pages = 	 {1090-1123},
  month = 	 {August},
  doi = 	 {10.1109/5.533956}
}

@inproceedings{yannakakis:1991,
 author = {Mihalis Yannakakis},
 editor = {David Lee},
 title = {Testing Finite State Machines},
 booktitle = {STOC '91: Proceedings of the Twenty-third Annual ACM Symposium on Theory of Computing},
 year = {1991},
 isbn = {0-89791-397-3},
 pages = {476--485},
 location = {New Orleans, Louisiana, United States},
 doi = {http://doi.acm.org/10.1145/103418.103468},
 publisher = {ACM Press},
 address = {New York, NY, USA}
 }
 
 @Article{sidhu:1989,
  author = 	 {D. P. Sidhu and T.-K. Leung},
  title = 	 {Formal Methods for Protocol Testing: A Detailed Study},
  journal = 	 {IEEE Transactions on Software Engineering},
  year = 	 {1989},
  volume = 	 {15},
  number = 	 {4},
  pages = 	 {413-426},
  month = 	 {April},
  doi = 	 {10.1109/32.16602}
}

@TechReport{fowler:2006,
  author = 	 {Martin Fowler and Matthew Foemmel},
  title = 	 {Continuous Integration},
  institution =  {ThoughtWorks},
  year = 	 {2006},
  OPTkey = 	 {},
  OPTtype = 	 {},
  OPTnumber = 	 {},
  address = 	 {\url{http://martinfowler.com/articles/continuousIntegration.html}},
  OPTmonth = 	 {},
  note = 	 {last visited 22-jan-2006},
  OPTannote = 	 {}
}

@Book{fowler:2001,
  author = 	 {Martin Fowler},
  title = 	 {Refactoring: improving the design of existing code},
  publisher = 	 {Addison-Wesley},
  year = 	 {2001},
  OPTkey = 	 {},
  OPTvolume = 	 {},
  OPTnumber = 	 {},
  OPTseries = 	 {},
  address = 	 {Boston},
  OPTedition = 	 {},
  OPTmonth = 	 {},
  isbn = 	 {0-201-48567-2},
  OPTannote = 	 {}
}