% $Id: unittest.bib,v 1.4 2006/01/24 07:33:08 borning Exp $
%
% 563429
@inproceedings{Noonan:2002,
 author = {Robert E. Noonan and Richard H. Prosl},
 title = {Unit Testing Frameworks},
 booktitle = {SIGCSE '02: Proceedings of the 33rd SIGCSE Technical Symposium
      on Computer Science Education},
 year = {2002},
 isbn = {1-58113-473-8},
 pages = {232--236},
 location = {Cincinnati, Kentucky},
 doi = {http://doi.acm.org/10.1145/563340.563429},
 publisher = {ACM Press},
 address = {New York, NY, USA},
 }

% 267590
@article{Zhu:1997,
 author = {Hong Zhu and Patrick A. V. Hall and John H. R. May},
 title = {Software unit test coverage and adequacy},
 journal = {ACM Comput. Surv.},
 volume = {29},
 number = {4},
 year = {1997},
 issn = {0360-0300},
 pages = {366--427},
 doi = {http://doi.acm.org/10.1145/267580.267590},
 publisher = {ACM Press},
 address = {New York, NY, USA},
 }

@Book{hunt:2003,
  author = 	 {Andy Hunt and Dave Thomas},
  title = 	 {Pragmatic Unit Testing},
  publisher = 	 {The Pragmatic Programmers, LLC},
  year = 	 {2003},
  OPTkey = 	 {},
  OPTvolume = 	 {},
  OPTnumber = 	 {},
  OPTseries = 	 {},
  OPTaddress = 	 {},
  OPTedition = 	 {},
  OPTmonth = 	 {},
  OPTnote = 	 {},
  OPTannote = 	 {}
}
