@book{ben-akiva-lerman-1987,
  author =       {Moshe Ben-Akiva and Steven R. Lerman},
  title =        {Discrete Choice Analysis: Theory and Application
                  to Travel Demand},
  publisher =    {The MIT Press},
  year =         {1987},
  address =      {Cambridge, Massachusetts}}

@inproceedings{borning-dgo-tekoa-2008,
   author = {Alan Borning and Hana {\v{S}}ev\v{c}\'{\i}kov\'{a} and 
             Paul Waddell},
   title = {A Domain-Specific Language for Urban Simulation Variables},
   booktitle = {Proceedings of the 9th Annual International Conference on
                Digital Government Research},
   address = {Montr\'{e}al, Canada},
   month = may,
   year = 2008,
   note = {Available from \url{www.urbansim.org/papers}}}
   
@incollection{clark-vanlierop-1986,
   Author = {W. A. V. Clark and W. F. J. Van Lierop},
   Title = {Residential Mobility and Household Location Modeling},
   BookTitle = {Handbook of Regional and Urban Economics, Volume 1},
   Publisher = {Elsevier Science Publishers BV},
   Pages = {97--132},
   Year = {1986} }

@article{depalma-jue-2007,
   author = {Andr\'e  {de Palma} and Nathalie Picard and Paul Waddell},
   title = {Discrete Choice Models with Capacity Constraints: An Empirical
              Analysis of the Housing Market of the Greater Paris Region},
   journal = {Journal of Urban Economics},
  volume = 62,
  pages = {204--230},
   year = 2007}

@book{dipasquale-wheaton-1996,
  author =       {Denise DiPasquale and William Wheaton},
  title =        {Urban Economics and Real Estate Markets},
  publisher =    {Prentice Hall: Englewood Cliffs, NJ},
  year =         1996}

@book{greene-2002,
  author = {William H. Greene},
  title = {Econometric Analysis},
  edition = {5th},
  publisher = {Pearson Education},
  year = 2002}
  
@article{ihaka-gentleman-1996,
  author = "Ihaka, R. and Gentleman, R.",
  year = 1996,
  title = "R: A language for data analysis and graphics",
  journal = "Journal of Computational and Graphical Statistics",
  volume = 5,
  pages = "299--314"}

@ARTICLE{lerman-trr-1977,
  author = {Lerman, Steve},
  year = 1977,
  title = {Location, Housing, Automobile Ownership, and the Mode to Work: A
          Joint Choice Model},
  journal = {Transportation Research Board Record},
  volume = 610,
  pages = {6-11}}
  
@incollection{mcfadden-1974,
   author = {Daniel McFadden},
   title = {Conditional Logit Analysis of Qualitative Choice Behavior},
   editor = {P. Zarembka},
   booktitle = {Frontiers in Econometrics},
   publisher = {Academic Press},
   address = {New York},
   year = 1974,
   pages = {105--142}}

@incollection{mcfadden-1978,
   author = {Daniel McFadden},
   title = {Modeling the choice of residential location},
   editor = {A. Karlqvist and L. Lundqvist and F. Snickars and J.W. Wiebull},
   booktitle = {Spatial Interaction Theory and Planning Models},
   publisher = {North Holland},
   address = {Amsterdam},
   year = 1978,
   pages = {75--96}}

@incollection{mcfadden-1981,
   author = {Daniel McFadden},
   title = {Econometric Models of Probabilistic Choice},
   editor = {C.F. Manski and D. McFadden},
   booktitle = {Structural Analysis of Discrete Data with Econometric Applications},
   publisher = {MIT Press},
   address = {Cambridge, MA},
   year = 1981,
   pages = {198--272}}

@ARTICLE{quigley-eer-1976,
  author = {Quigley, John},
  year = 1976,
  title = {Housing Demand in the Short-Run: An Analysis of Polytomous Choice},
  journal = {Explorations in Economic Research},
  volume = 3,
  pages = {76-102}
}
@book{train-book-2003,
   author    = {Train, Kenneth~E.},
   title     = {Discrete Choice Methods with Simulation},
   year      = 2003,
   publisher = {Cambridge University Press}}

@article{waddell-hedonic-1993,
   author = {Paul Waddell and Brian J.L. Berry and Irving Hoch},
   title = {Residential Property Values in a Multinodal Urban Area:
            New Evidence on the Implicit Price of Location},
   journal = {Journal of Real Estate Finance and Economics},
   year = 1993,
   volume = 7,
   pages = {117-141}}

@incollection{waddell-brail-book-2001,
  author = {Paul Waddell},
  title = {Between Politics and Planning: {UrbanSim} as a
           Decision Support System for Metropolitan Planning},
  booktitle = {Planning Support Systems: Integrating
               Geographic Information Systems, Models, and Visualization Tools},
  editors = {Richard Brail and Richard Klosterman},
  year = 2001,
  publisher = {ESRI Press and Center for Urban Policy Research},
  address = {Redlands, CA},
  pages = {201--228}}
  
  C
           