
@book{beven00,
   author    = {Beven, Keith},
   title     = {Rainfall-runoff modelling: The primer},
   year      = {2000},
   publisher = {John Wiley \& Sons, Ltd.}
}


@article{beven92,
   author    = {Beven, Keith and Binley, Andrew},
   title     = {The future of distributed models: Model calibration and uncertainty prediction.},
   journal   = {Hydrological Processes},
   pages     = {279--298},
   year      = {1992},
   volume    = {6}
}


@article{christensen03,
   author    = {Christensen, S.},
   title     = {A synthetic groundwater modelling study of the accuracy of {GLUE} uncertainty intervals},
   journal   = {Nordic Hydrology},
   pages     = {45--59},
   year      = {2003},
   volume    = {35},
   number    = {1}
}


@article{dubus03,
   author    = {Dubus, Igor~G. and Brown, Colin~D. and Beulke, Sabine},
   title     = {Sources of uncertainty in pesticide fate modelling},
   journal   = {The Science of the Total Environment},
   pages     = {53--72},
   year      = {2003},
   volume    = {317}
}


@incollection{korving03,
   author    = {Korving, H. and van Noortwijk, J.~M. and van Gelder, P.~H.~A.~J.~M. and Parkhi, R.~S.},
   editor    = {Bedford and van Gelder},
   title     = {Coping with uncertainty in sewer system rehabilitation},
   booktitle = {Safety and Reliability},
   year      = {2003},
   publisher = {Swets \& Zeitlinger, Lisse, ISBM 90 5809 551 7}
}


@book{morgan90,
   author    = {Morgan, M.~Granger and Henrion, Max},
   title     = {Uncertainty : a guide to dealing with uncertainty in quantitative risk and policy analysis},
   year      = {1990},
   publisher = {Cambridge University Press},
   address   = {New York}
}


@article{neuman03,
   author    = {Neuman, S.~P.},
   title     = {Maximum likelihood Bayesian averaging of uncertain model predictions},
   journal   = {Stochastic Environmental Research and Risk Assessment},
   pages     = {291--305},
   year      = {2003},
   volume    = {17}
}


@article{poole00,
   author    = {Poole, D. and Raftery, Adrian~E.},
   title     = {Inference for deterministic simulation models: the {B}ayesian melding approach},
   journal   = {Journal of the American Statistical Association},
   pages     = {1244--1255},
   year      = {2000},
   volume    = {95},
   number    = {452}
}


@article{raftery95,
   author    = {Raftery, Adrian~E. and Givens, G.~H. and Zeh, Judy~E.},
   title     = {Inference from a deterministic population dynamics model for bowhead whales},
   journal   = {Journal of the American Statistical Association},
   pages     = {402--416},
   year      = {1995},
   volume    = {90},
   number    = {430}
}


@article{refsgaard04,
   author    = {Refsgaard, J.~C. and Henriksen, H. J.},
   title     = {Modelling guidelines -- terminology and guiding principles},
   journal   = {Advances in Water Resources},
   pages     = {71--82},
   year      = {2004},
   volume    = {27}
}


@article{regan03,
   author    = {Regan, Helen~M. and Akcakaya, H. Resit and Ferson, Scott and Root, Karen~V. and Carroll, Steve and Ginzburg, Lev~R.},
   title     = {Treatments of uncertainty and variability in ecological risk assessment of single-species populations},
   journal   = {Human and Ecological Risk Assessment},
   pages     = {889--906},
   year      = {2003},
   volume    = {9},
   number    = {4}
}


@book{train03,
   author    = {Train, Kenneth~E.},
   title     = {Discrete Choice Methods with Simulation},
   year      = {2003},
   publisher = {Cambridge University Press}
}


@article{vanasselt02,
   author    = {van Asselt, M.~B.~A. and Rotmans, J.},
   title     = {Uncertainty in integrated assessment modelling -- From positivism to pluralism.},
   journal   = {Climatic Change},
   pages     = {75--105},
   year      = {2002},
   volume    = {54},
   number    = {1-2}
}


@article{waddell02,
   author    = {Waddell, Paul},
   title     = {Urban{S}im: Modeling urban development for land use, transportation and environmental planning.},
   journal   = {Journal of the American Planning Association},
   pages     = {297--314},
   year      = {2002},
   volume    = {68},
   number    = {3}
}


@article{waddell03,
   author    = {Waddell, Paul and Borning, Alan and Noth, M. and Freier, N. and Becke, M. and Ulfarsson, Gudmundur},
   title     = {Microsimulation of urban development and location choices: Design and  implementation of {U}rban{S}im},
   journal   = {Networks and Spatial Economics},
   pages     = {43--67},
   year      = {2003},
   volume    = {3},
   number    = {1}
}


@article{waddell93,
   author    = {Waddell, Paul and Berry, Brian~J.~L. and Hoch, Irving},
   title     = {Residential property values in multinodal urban area: New evidence on the implicit price of location},
   journal   = {Journal of Real Estate Finance and Economics},
   pages     = {117--141},
   year      = {1993},
   volume    = {7}
}

